@article{Francis_2015,
   title={Critical point and scale setting in SU(3) plasma: An update},
   volume={91},
   ISSN={1550-2368},
   url={http://dx.doi.org/10.1103/PhysRevD.91.096002},
   DOI={10.1103/physrevd.91.096002},
   number={9},
   journal={Physical Review D},
   publisher={American Physical Society (APS)},
   author={Francis, A. and Kaczmarek, O. and Laine, M. and Neuhaus, T. and Ohno, H.},
   year={2015},
   month=may }

@article{Giusti_2014,
   title={Equation of State of a Relativistic Theory from a Moving Frame},
   volume={113},
   ISSN={1079-7114},
   url={http://dx.doi.org/10.1103/PhysRevLett.113.031601},
   DOI={10.1103/physrevlett.113.031601},
   number={3},
   journal={Physical Review Letters},
   publisher={American Physical Society (APS)},
   author={Giusti, Leonardo and Pepe, Michele},
   year={2014},
   month=jul }

@article{Giusti_2017,
   title={Equation of state of the SU(3) Yang–Mills theory: A precise determination from a moving frame},
   volume={769},
   ISSN={0370-2693},
   url={http://dx.doi.org/10.1016/j.physletb.2017.04.001},
   DOI={10.1016/j.physletb.2017.04.001},
   journal={Physics Letters B},
   publisher={Elsevier BV},
   author={Giusti, Leonardo and Pepe, Michele},
   year={2017},
   month=jun, pages={385–390} }

@article{Boyd_1996,
   title={Thermodynamics of SU(3) lattice gauge theory},
   volume={469},
   ISSN={0550-3213},
   url={http://dx.doi.org/10.1016/0550-3213(96)00170-8},
   DOI={10.1016/0550-3213(96)00170-8},
   number={3},
   journal={Nuclear Physics B},
   publisher={Elsevier BV},
   author={Boyd, G. and Engels, J. and Karsch, F. and Laermann, E. and Legeland, C. and Lütgemeier, M. and Petersson, B.},
   year={1996},
   month=jun, pages={419–444} }

@article{Umeda_2009,
   title={Fixed scale approach to equation of state in lattice QCD},
   volume={79},
   ISSN={1550-2368},
   url={http://dx.doi.org/10.1103/PhysRevD.79.051501},
   DOI={10.1103/physrevd.79.051501},
   number={5},
   journal={Physical Review D},
   publisher={American Physical Society (APS)},
   author={Umeda, T. and Ejiri, S. and Aoki, S. and Hatsuda, T. and Kanaya, K. and Maezawa, Y. and Ohno, H.},
   year={2009},
   month=mar }

@article{Philipsen_2013,
   title={The QCD equation of state from the lattice},
   volume={70},
   ISSN={0146-6410},
   url={http://dx.doi.org/10.1016/j.ppnp.2012.09.003},
   DOI={10.1016/j.ppnp.2012.09.003},
   journal={Progress in Particle and Nuclear Physics},
   publisher={Elsevier BV},
   author={Philipsen, Owe},
   year={2013},
   month=may, pages={55–107} }

@article{Bors_nyi_2014,
   title={Full result for the QCD equation of state with $N_f$ = 2+1 flavors},
   volume={730},
   ISSN={0370-2693},
   url={http://dx.doi.org/10.1016/j.physletb.2014.01.007},
   DOI={10.1016/j.physletb.2014.01.007},
   journal={Physics Letters B},
   publisher={Elsevier BV},
   author={Borsányi, Szabolcs and Fodor, Zoltán and Hoelbling, Christian and Katz, Sándor D. and Krieg, Stefan and Szabó, Kálmán K.},
   year={2014},
   month=mar, pages={99–104} }

@article{Shirogane:2020muc,
    author = "Shirogane, Mizuki and Ejiri, Shinji and Iwami, Ryo and Kanaya, Kazuyuki and Kitazawa, Masakiyo and Suzuki, Hiroshi and Taniguchi, Yusuke and Umeda, Takashi",
    collaboration = "WHOT-QCD",
    title = "{Latent heat and pressure gap at the first-order deconfining phase transition of SU(3) Yang-Mills theory using the small flow-time expansion method}",
    eprint = "2011.10292",
    archivePrefix = "arXiv",
    primaryClass = "hep-lat",
    reportNumber = "UTHEP-753, UTCCS-P-135, KYUSHU-HET-218, J-PARC-TH-0232",
    doi = "10.1093/ptep/ptaa184",
    journal = "PTEP",
    volume = "2021",
    number = "1",
    pages = "013B08",
    year = "2021"
}

@article{Borsanyi:2022xml,
    author = "Borsanyi, S. and R., Kara and Fodor, Z. and Godzieba, D. A. and Parotto, P. and Sexty, D.",
    title = "{Precision study of the continuum SU(3) Yang-Mills theory: How to use parallel tempering to improve on supercritical slowing down for first order phase transitions}",
    eprint = "2202.05234",
    archivePrefix = "arXiv",
    primaryClass = "hep-lat",
    doi = "10.1103/PhysRevD.105.074513",
    journal = "Phys. Rev. D",
    volume = "105",
    number = "7",
    pages = "074513",
    year = "2022"
}

@article{Cabibbo:1982zn,
    author = "Cabibbo, N. and Marinari, E.",
    title = "{A New Method for Updating SU(N) Matrices in Computer Simulations of Gauge Theories}",
    doi = "10.1016/0370-2693(82)90696-7",
    journal = "Phys. Lett. B",
    volume = "119",
    pages = "387--390",
    year = "1982"
}

@article{Giusti_2011,
   title={Thermodynamic potentials from shifted boundary conditions: the scalar-field theory case},
   volume={2011},
   ISSN={1029-8479},
   url={http://dx.doi.org/10.1007/JHEP11(2011)087},
   DOI={10.1007/jhep11(2011)087},
   number={11},
   journal={Journal of High Energy Physics},
   publisher={Springer Science and Business Media LLC},
   author={Giusti, Leonardo and Meyer, Harvey B.},
   year={2011},
   month=nov }


@article{Implications,
	abstract = {The analytic continuation to an imaginary velocity iξof the canonical partition function of a thermal system expressed in a moving frame has a natural implementation in the Euclidean path-integral formulation in terms of shifted boundary conditions. Writing the Boltzmann factor as , the Poincar{\'e}invariance underlying a relativistic theory implies a dependence of the free-energy on L0 and the shift ξonly through the combination . This in turn implies a set of Ward identities, some of which were previously derived by us, among the correlators of the energy-momentum tensor. In the infinite-volume limit they lead to relations among the cumulants of the total energy distribution and those of the momentum, i.e. they connect the energy and the momentum distributions in the canonical ensemble. In finite volume the Poincar{\'e}symmetry translates into exact relations among partition functions and correlation functions defined with different sets of (generalized) periodic boundary conditions. They have interesting applications in lattice field theory. In particular, they offer Ward identities to renormalize non-perturbatively the energy-momentum tensor and novel ways to compute thermodynamic potentials. At fixed bare parameters they also provide a simple method to vary the temperature in much smaller steps than with the standard procedure.},
	author = {Giusti, Leonardo and Meyer, Harvey B.},
	date = {2013/01/21},
	date-added = {2023-12-20 13:54:42 +0100},
	date-modified = {2023-12-20 13:54:42 +0100},
	doi = {10.1007/JHEP01(2013)140},
	id = {Giusti2013},
	isbn = {1029-8479},
	journal = {Journal of High Energy Physics},
	number = {1},
	pages = {140},
	title = {Implications of Poincar{\'e}symmetry for thermal field theories in finite-volume},
	url = {https://doi.org/10.1007/JHEP01(2013)140},
	volume = {2013},
	year = {2013},
	bdsk-url-1 = {https://doi.org/10.1007/JHEP01(2013)140}}
